<?xml version="1.0" encoding="UTF-8"?><collection xmlns="http://www.loc.gov/MARC21/slim"><record><leader>00418nam--2200133-i-4500</leader><controlfield tag="001">000031656</controlfield><controlfield tag="002">20161230</controlfield><controlfield tag="005">20161230201038</controlfield><controlfield tag="008">060222s1000------------r-----000-0-eng-d</controlfield><datafield ind1=" " ind2=" " tag="100"><subfield code="a">Wickersheim, K.A</subfield></datafield><datafield ind1=" " ind2=" " tag="260"><subfield code="a">Magnetism And Magnetic Materials:1965 Digest. A Survey Of The Technical Literature Of The Preceding Year</subfield></datafield><datafield ind1=" " ind2=" " tag="490"><subfield code="a">New York, Academic Press, 1965. Xiii+260p</subfield></datafield><datafield ind1=" " ind2=" " tag="700"><subfield code="a">White, R.L</subfield></datafield><datafield ind1=" " ind2=" " tag="852"><subfield code="a">538:621.318.1</subfield></datafield></record></collection>